<record><leader>00000cas a22000007a 4500</leader><controlfield tag="001">25925167</controlfield><controlfield tag="008">920602d19001906scuwr ne      0    0eng d</controlfield><datafield ind1=" " ind2=" " tag="010"><subfield code="a">sn 92065550 </subfield></datafield><datafield ind1=" " ind2=" " tag="040"><subfield code="a">SVN</subfield><subfield code="b">eng</subfield><subfield code="c">SVN</subfield><subfield code="d">OCLCQ</subfield><subfield code="d">NDD</subfield><subfield code="d">OCLCF</subfield></datafield><datafield ind1="1" ind2=" " tag="029"><subfield code="a">AU@</subfield><subfield code="b">000020749882</subfield></datafield><datafield ind1=" " ind2=" " tag="042"><subfield code="a">msc</subfield></datafield><datafield ind1=" " ind2=" " tag="043"><subfield code="a">n-us-sc</subfield></datafield><datafield ind1="0" ind2=" " tag="130"><subfield code="a">Weekly monitor (Johnston, S.C.)</subfield></datafield><datafield ind1="1" ind2="4" tag="245"><subfield code="a">The Weekly monitor.</subfield></datafield><datafield ind1=" " ind2=" " tag="260"><subfield code="a">Johnston, Edgefield County, S.C. :</subfield><subfield code="b">Charles Terrell</subfield></datafield><datafield ind1=" " ind2=" " tag="300"><subfield code="a">v.</subfield></datafield><datafield ind1=" " ind2=" " tag="310"><subfield code="a">Weekly</subfield></datafield><datafield ind1="1" ind2=" " tag="362"><subfield code="a">Began in 1900? Ceased in 1906?</subfield></datafield><datafield ind1=" " ind2=" " tag="588"><subfield code="a">Description based on: Vol. 24, no. 15 (Mar, 7, 1901).</subfield></datafield><datafield ind1=" " ind2="0" tag="651"><subfield code="a">Edgefield County (S.C.)</subfield><subfield code="v">Newspapers.</subfield></datafield><datafield ind1=" " ind2="7" tag="655"><subfield code="a">Newspapers.</subfield><subfield code="2">fast</subfield><subfield code="0">(OCoLC)fst01423814</subfield></datafield><datafield ind1=" " ind2="7" tag="651"><subfield code="a">South Carolina</subfield><subfield code="z">Edgefield County.</subfield><subfield code="2">fast</subfield><subfield code="0">(OCoLC)fst01215692</subfield></datafield><datafield ind1=" " ind2=" " tag="752"><subfield code="a">United States</subfield><subfield code="b">South Carolina</subfield><subfield code="c">Edgefield</subfield><subfield code="d">Johnston.</subfield></datafield><datafield ind1="0" ind2="0" tag="780"><subfield code="t">Edgefield weekly monitor</subfield><subfield code="w">(DLC)sn 92065463</subfield></datafield><datafield ind1="0" ind2="7" tag="785"><subfield code="t">Johnston news</subfield><subfield code="w">(DLC)sn 92065466</subfield></datafield><datafield ind1="0" ind2="7" tag="785"><subfield code="t">Johnston news-monitor</subfield><subfield code="w">(DLC)sn 92065468</subfield></datafield></record>